@article{Gardner1970,
	author	= {Gardner, Martin},
  year		= {1970},
	title		= {The fantastic combinations of {John Conway's} new solitaire game 'life'},
	journal	= {Scientific American},
	volume	= {223},
	number	= {4},
	pages		= {120--123},
	doi			= {10.1038/scientificamerican1070-120},
}

@book{Gilbert2020,
	author	= {Gilbert, Nigel},
	title		= {Agent-based models},
	edition	= {Second edition},
	address	= {London},
	publisher	= {SAGE},
	year		= {2020},
}

@article{knuth84,
  author = {Knuth, Donald E.},
  title = {Literate Programming},
  year = {1984},
  issue_date = {May 1984},
  publisher = {Oxford University Press, Inc.},
  address = {USA},
  volume = {27},
  number = {2},
  issn = {0010-4620},
  url = {https://doi.org/10.1093/comjnl/27.2.97},
  doi = {10.1093/comjnl/27.2.97},
  journal = {Comput. J.},
  month = may,
  pages = {97â€“111},
  numpages = {15}
}


